<record><leader>00000cas a22000007a 4500</leader><controlfield tag="001">732734149</controlfield><controlfield tag="006">m     o  d        </controlfield><controlfield tag="007">cr |n|||||||||</controlfield><controlfield tag="008">880219d185u1uuulaucr neow    0   a0eng  </controlfield><datafield ind1=" " ind2=" " tag="010"><subfield code="a">  2012203863</subfield></datafield><datafield ind1=" " ind2=" " tag="040"><subfield code="a">Nz</subfield><subfield code="b">eng</subfield><subfield code="c">Z5A</subfield><subfield code="d">OCLCO</subfield><subfield code="d">DLC</subfield><subfield code="d">OCLCQ</subfield><subfield code="d">OCLCF</subfield><subfield code="d">OCLCQ</subfield></datafield><datafield ind1="0" ind2=" " tag="022"><subfield code="a">2169-5431</subfield><subfield code="y">2159-5585</subfield><subfield code="2">1</subfield></datafield><datafield ind1=" " ind2=" " tag="042"><subfield code="a">pcc</subfield><subfield code="a">nsdp</subfield></datafield><datafield ind1=" " ind2=" " tag="043"><subfield code="a">n-us-la</subfield></datafield><datafield ind1="1" ind2="0" tag="050"><subfield code="a">ISSN RECORD</subfield></datafield><datafield ind1="0" ind2="0" tag="082"><subfield code="a">071</subfield><subfield code="2">23</subfield></datafield><datafield ind1="0" ind2=" " tag="130"><subfield code="a">Carrollton sun (Online)</subfield></datafield><datafield ind1=" " ind2="4" tag="222"><subfield code="a">The Carrollton sun</subfield><subfield code="b">(Online)</subfield></datafield><datafield ind1="1" ind2="4" tag="245"><subfield code="a">The Carrollton sun.</subfield></datafield><datafield ind1="1" ind2="3" tag="246"><subfield code="a">Sun</subfield></datafield><datafield ind1=" " ind2=" " tag="260"><subfield code="a">City of Carrollton, Parish of Jefferson, La. :</subfield><subfield code="b">M.G. Davis</subfield></datafield><datafield ind1=" " ind2=" " tag="310"><subfield code="a">Semiweekly</subfield></datafield><datafield ind1=" " ind2=" " tag="336"><subfield code="a">text</subfield><subfield code="b">txt</subfield><subfield code="2">rdacontent</subfield></datafield><datafield ind1=" " ind2=" " tag="337"><subfield code="a">computer</subfield><subfield code="b">c</subfield><subfield code="2">rdamedia</subfield></datafield><datafield ind1=" " ind2=" " tag="338"><subfield code="a">online resource</subfield><subfield code="b">cr</subfield><subfield code="2">rdacarrier</subfield></datafield><datafield ind1=" " ind2=" " tag="500"><subfield code="a">"Official paper of the City of Carrollton, and of the Parish of Jefferson."</subfield></datafield><datafield ind1=" " ind2=" " tag="530"><subfield code="a">Also issued in print.</subfield></datafield><datafield ind1=" " ind2=" " tag="538"><subfield code="a">Mode of access: World Wide Web.</subfield></datafield><datafield ind1=" " ind2=" " tag="588"><subfield code="a">Description based on print version record.</subfield></datafield><datafield ind1=" " ind2=" " tag="588"><subfield code="a">Latest issue consulted: Vol. 3, no. 98 (May 29, 1861) (Chroniclingamerica.loc.gov, viewed Sept. 4, 2012).</subfield></datafield><datafield ind1=" " ind2="0" tag="651"><subfield code="a">Carrollton (New Orleans, La.)</subfield><subfield code="v">Newspapers.</subfield></datafield><datafield ind1=" " ind2="0" tag="651"><subfield code="a">Jefferson Parish (La.)</subfield><subfield code="v">Newspapers.</subfield></datafield><datafield ind1=" " ind2="0" tag="651"><subfield code="a">Orleans Parish (La.)</subfield><subfield code="v">Newspapers.</subfield></datafield><datafield ind1=" " ind2="7" tag="651"><subfield code="a">Louisiana</subfield><subfield code="z">Jefferson Parish.</subfield><subfield code="2">fast</subfield><subfield code="0">(OCoLC)fst01209187</subfield></datafield><datafield ind1=" " ind2="7" tag="651"><subfield code="a">Louisiana</subfield><subfield code="z">New Orleans</subfield><subfield code="z">Carrollton.</subfield><subfield code="2">fast</subfield><subfield code="0">(OCoLC)fst01320567</subfield></datafield><datafield ind1=" " ind2="7" tag="651"><subfield code="a">Louisiana</subfield><subfield code="z">Orleans Parish.</subfield><subfield code="2">fast</subfield><subfield code="0">(OCoLC)fst01223094</subfield></datafield><datafield ind1=" " ind2="7" tag="655"><subfield code="a">Newspapers.</subfield><subfield code="2">fast</subfield><subfield code="0">(OCoLC)fst01423814</subfield></datafield><datafield ind1=" " ind2=" " tag="752"><subfield code="a">United States</subfield><subfield code="b">Louisiana</subfield><subfield code="c">Orleans</subfield><subfield code="d">New Orleans.</subfield></datafield><datafield ind1=" " ind2=" " tag="752"><subfield code="a">United States</subfield><subfield code="b">Louisiana</subfield><subfield code="c">Jefferson</subfield><subfield code="d">Carrollton.</subfield></datafield><datafield ind1="1" ind2=" " tag="776"><subfield code="t">Carrollton sun</subfield><subfield code="x">2159-5585</subfield><subfield code="w">(DLC)sn 88064165</subfield><subfield code="w">(OCoLC)17502442</subfield></datafield><datafield ind1="4" ind2="0" tag="856"><subfield code="u">http://YU7RZ9HN8Y.search.serialssolutions.com/?V=1.0&amp;L=YU7RZ9HN8Y&amp;S=JCs&amp;C=TC0000456087&amp;T=marc</subfield></datafield><datafield ind1="4" ind2="0" tag="856"><subfield code="u">http://www.loc.gov/chroniclingamerica/lccn/sn88064165/issues</subfield></datafield><datafield ind1="0" ind2=" " tag="029"><subfield code="a">NZ1</subfield><subfield code="b">13700314</subfield></datafield><datafield ind1="1" ind2=" " tag="029"><subfield code="a">NZ1</subfield><subfield code="b">16244864</subfield></datafield></record>